<?xml version="1.0" encoding="UTF-8"?><collection xmlns="http://www.loc.gov/MARC21/slim"><record><leader>00643nam--2200205-u-4500</leader><controlfield tag="001">000053337</controlfield><controlfield tag="002">20161230</controlfield><controlfield tag="005">20161230201051</controlfield><controlfield tag="008">110315s1000------------r-----000-0-eng-d</controlfield><datafield ind1=" " ind2=" " tag="020"><subfield code="a">9812563164</subfield></datafield><datafield ind1=" " ind2=" " tag="040"><subfield code="a">IFIN-HH</subfield></datafield><datafield ind1=" " ind2=" " tag="080"><subfield code="a">523:524:524(78+1)(063)</subfield></datafield><datafield ind1="1" ind2=" " tag="100"><subfield code="a">Carrigan, Jr., R.A</subfield></datafield><datafield ind1="1" ind2="0" tag="245"><subfield code="a">Non-accelerator astroparticle physics</subfield><subfield code="b">Proceedings of the 7th school non-accelerator astroparticle physics</subfield><subfield code="c">R.a. carrigan, jr., g. giacomelli, n. paver (eds.)</subfield></datafield><datafield ind1=" " ind2=" " tag="260"><subfield code="a">New Jersey</subfield><subfield code="b">World Scientific</subfield><subfield code="c">2005</subfield></datafield><datafield ind1=" " ind2=" " tag="300"><subfield code="a">317P</subfield></datafield><datafield ind1=" " ind2=" " tag="490"><subfield code="a">Proceedings</subfield></datafield><datafield ind1="1" ind2=" " tag="700"><subfield code="a">Paver, N</subfield><subfield code="e">Ed</subfield></datafield><datafield ind1=" " ind2=" " tag="852"><subfield code="a">81620</subfield><subfield code="c">523</subfield></datafield><datafield ind1=" " ind2=" " tag="CAT"><subfield code="a">Sys</subfield><subfield code="c">20141210</subfield><subfield code="h">161300</subfield></datafield></record></collection>